[
  {
    "sequence": "1703478101950468",
    "price": "4.3400",
    "size": "0.0719",
    "side": "sell",
    "time": 1672223669528000000
  },
  {
    "sequence": "1703478101950471",
    "price": "4.3400",
    "size": "0.1073",
    "side": "sell",
    "time": 1672223669528000000
  },
  {
    "sequence": "1703478101950474",
    "price": "4.34",
    "size": "2.0000",
    "side": "sell",
    "time": 1672223669528000000
  },
  {
    "sequence": "1703478252421121",
    "price": "4.3395",
    "size": "0.2104",
    "side": "sell",
    "time": 1672223670001000000
  },
  {
    "sequence": "1703478616014849",
    "price": "4.3380",
    "size": "0.1186",
    "side": "sell",
    "time": 1672223671189000000
  },
  {
    "sequence": "1703481392119809",
    "price": "4.3402",
    "size": "1.6364",
    "side": "sell",
    "time": 1672223684752000000
  },
  {
    "sequence": "1703482085752833",
    "price": "4.3406",
    "size": "0.0240",
    "side": "sell",
    "time": 1672223689609000000
  },
  {
    "sequence": "1703484945088513",
    "price": "4.3414",
    "size": "152.0575",
    "side": "sell",
    "time": 1672223710793000000
  },
  {
    "sequence": "1703484946661377",
    "price": "4.3414",
    "size": "88.3273",
    "side": "sell",
    "time": 1672223710794000000
  },
  {
    "sequence": "1703487116427265",
    "price": "4.34040000",
    "size": "0.0270",
    "side": "sell",
    "time": 1672223725069000000
  },
  {
    "sequence": "1703491954556929",
    "price": "4.34000000",
    "size": "0.0243",
    "side": "sell",
    "time": 1672223761217000000
  },
  {
    "sequence": "1703491983392769",
    "price": "4.34060000",
    "size": "0.806300000000000000",
    "side": "buy",
    "time": 1672223761413000000
  },
  {
    "sequence": "1703498764271625",
    "price": "4.34000000",
    "size": "0.5",
    "side": "sell",
    "time": 1672223816323000000
  },
  {
    "sequence": "1703509859516417",
    "price": "4.33960000",
    "size": "128.65030000",
    "side": "buy",
    "time": 1672223901308000000
  },
  {
    "sequence": "1703514888486913",
    "price": "4.33960000",
    "size": "0.0249",
    "side": "sell",
    "time": 1672223941825000000
  },
  {
    "sequence": "1703516769763329",
    "price": "4.34050000",
    "size": "87.16920000",
    "side": "buy",
    "time": 1672223958567000000
  },
  {
    "sequence": "1703519729106945",
    "price": "4.34030000",
    "size": "134.09520000",
    "side": "buy",
    "time": 1672223984323000000
  },
  {
    "sequence": "1703519729106948",
    "price": "4.34030000",
    "size": "97.04110000",
    "side": "buy",
    "time": 1672223984323000000
  },
  {
    "sequence": "1703520999587841",
    "price": "4.34030000",
    "size": "89.28500000",
    "side": "buy",
    "time": 1672223994812000000
  },
  {
    "sequence": "1703522319613953",
    "price": "4.34010000",
    "size": "29.25860000",
    "side": "buy",
    "time": 1672224004592000000
  },
  {
    "sequence": "1703522319613956",
    "price": "4.3402",
    "size": "50.0000",
    "side": "buy",
    "time": 1672224004592000000
  },
  {
    "sequence": "1703522319613959",
    "price": "4.3403",
    "size": "53",
    "side": "buy",
    "time": 1672224004592000000
  },
  {
    "sequence": "1703522319613962",
    "price": "4.3404",
    "size": "50.0000",
    "side": "buy",
    "time": 1672224004592000000
  },
  {
    "sequence": "1703522319613965",
    "price": "4.34040000",
    "size": "65.21210000",
    "side": "buy",
    "time": 1672224004592000000
  },
  {
    "sequence": "1703522607972353",
    "price": "4.3404",
    "size": "183.6097",
    "side": "sell",
    "time": 1672224006805000000
  },
  {
    "sequence": "1703525946638337",
    "price": "4.34000000",
    "size": "0.0456",
    "side": "buy",
    "time": 1672224032344000000
  },
  {
    "sequence": "1703536261611521",
    "price": "4.34230000",
    "size": "0.1050",
    "side": "buy",
    "time": 1672224109625000000
  },
  {
    "sequence": "1703540643348481",
    "price": "4.34130000",
    "size": "0.0611",
    "side": "buy",
    "time": 1672224142624000000
  },
  {
    "sequence": "1703552670646273",
    "price": "4.34240000",
    "size": "0.0253",
    "side": "buy",
    "time": 1672224241586000000
  },
  {
    "sequence": "1703553809137665",
    "price": "4.34050000",
    "size": "0.0605",
    "side": "sell",
    "time": 1672224250042000000
  },
  {
    "sequence": "1703555965009921",
    "price": "4.3387",
    "size": "53.0000",
    "side": "sell",
    "time": 1672224264723000000
  },
  {
    "sequence": "1703555975102465",
    "price": "4.33860000",
    "size": "92.7111",
    "side": "sell",
    "time": 1672224264733000000
  },
  {
    "sequence": "1703556028055553",
    "price": "4.33860000",
    "size": "83.8656",
    "side": "sell",
    "time": 1672224264800000000
  },
  {
    "sequence": "1703563454070785",
    "price": "4.344",
    "size": "1.6846",
    "side": "buy",
    "time": 1672224317880000000
  },
  {
    "sequence": "1703563454070788",
    "price": "4.344",
    "size": "82.1954",
    "side": "buy",
    "time": 1672224317880000000
  },
  {
    "sequence": "1703563562860545",
    "price": "4.3449",
    "size": "34.4068",
    "side": "buy",
    "time": 1672224318005000000
  },
  {
    "sequence": "1703563627741185",
    "price": "4.3455",
    "size": "17.93010000",
    "side": "buy",
    "time": 1672224318088000000
  },
  {
    "sequence": "1703563627872257",
    "price": "4.3455",
    "size": "103.66400000",
    "side": "buy",
    "time": 1672224318089000000
  },
  {
    "sequence": "1703563931435009",
    "price": "4.3455",
    "size": "18.86860000",
    "side": "buy",
    "time": 1672224318682000000
  },
  {
    "sequence": "1703564009684993",
    "price": "4.3455",
    "size": "53.40840000",
    "side": "buy",
    "time": 1672224318899000000
  },
  {
    "sequence": "1703564010733569",
    "price": "4.3455",
    "size": "22.89130000",
    "side": "buy",
    "time": 1672224318899000000
  },
  {
    "sequence": "1703566010368001",
    "price": "4.3473",
    "size": "143.3278",
    "side": "sell",
    "time": 1672224329540000000
  },
  {
    "sequence": "1703567769092097",
    "price": "4.34760000",
    "size": "1.149100000000000000",
    "side": "buy",
    "time": 1672224342302000000
  },
  {
    "sequence": "1703575348330497",
    "price": "4.34380000",
    "size": "3.493",
    "side": "sell",
    "time": 1672224401192000000
  },
  {
    "sequence": "1703579841478657",
    "price": "4.34380000",
    "size": "0.145",
    "side": "sell",
    "time": 1672224438242000000
  },
  {
    "sequence": "1703581459300357",
    "price": "4.34510000",
    "size": "0.1785",
    "side": "buy",
    "time": 1672224449641000000
  },
  {
    "sequence": "1703583855427585",
    "price": "4.34360000",
    "size": "0.801",
    "side": "sell",
    "time": 1672224470212000000
  },
  {
    "sequence": "1703586388131841",
    "price": "4.34430000",
    "size": "0.0261",
    "side": "buy",
    "time": 1672224489712000000
  },
  {
    "sequence": "1703586584739841",
    "price": "4.34360000",
    "size": "5.6415",
    "side": "sell",
    "time": 1672224491506000000
  },
  {
    "sequence": "1703586669412353",
    "price": "4.34410000",
    "size": "0.1175",
    "side": "buy",
    "time": 1672224492413000000
  },
  {
    "sequence": "1703587739746305",
    "price": "4.3437",
    "size": "0.0979",
    "side": "buy",
    "time": 1672224500703000000
  },
  {
    "sequence": "1703588914020353",
    "price": "4.3411",
    "size": "187.91970000",
    "side": "sell",
    "time": 1672224508648000000
  },
  {
    "sequence": "1703588914937857",
    "price": "4.3411",
    "size": "11.0554",
    "side": "sell",
    "time": 1672224508651000000
  },
  {
    "sequence": "1703588915068929",
    "price": "4.3411",
    "size": "41.40080000",
    "side": "sell",
    "time": 1672224508651000000
  },
  {
    "sequence": "1703589876744193",
    "price": "4.3389",
    "size": "53.00000000",
    "side": "sell",
    "time": 1672224513703000000
  },
  {
    "sequence": "1703602757844993",
    "price": "4.33900000",
    "size": "0.0261",
    "side": "sell",
    "time": 1672224613633000000
  },
  {
    "sequence": "1703607458086913",
    "price": "4.33900000",
    "size": "2.2889",
    "side": "sell",
    "time": 1672224649730000000
  },
  {
    "sequence": "1703610798325761",
    "price": "4.34030000",
    "size": "0.2384",
    "side": "sell",
    "time": 1672224674005000000
  },
  {
    "sequence": "1703612428992513",
    "price": "4.3416",
    "size": "11.9787",
    "side": "buy",
    "time": 1672224684394000000
  },
  {
    "sequence": "1703612432662529",
    "price": "4.3416",
    "size": "8.2928",
    "side": "buy",
    "time": 1672224684406000000
  },
  {
    "sequence": "1703613417144321",
    "price": "4.3416",
    "size": "5.2527",
    "side": "buy",
    "time": 1672224692006000000
  },
  {
    "sequence": "1703613417144324",
    "price": "4.3417",
    "size": "51.0484",
    "side": "buy",
    "time": 1672224692006000000
  },
  {
    "sequence": "1703613417144327",
    "price": "4.3418",
    "size": "51.04840000",
    "side": "buy",
    "time": 1672224692006000000
  },
  {
    "sequence": "1703621175427073",
    "price": "4.34290000",
    "size": "2.072300000000000000",
    "side": "buy",
    "time": 1672224751722000000
  },
  {
    "sequence": "1703621846122497",
    "price": "4.34390000",
    "size": "0.0286",
    "side": "sell",
    "time": 1672224755350000000
  },
  {
    "sequence": "1703622420217857",
    "price": "4.34610000",
    "size": "0.7419",
    "side": "buy",
    "time": 1672224759310000000
  },
  {
    "sequence": "1703622698876929",
    "price": "4.3442",
    "size": "0.0758",
    "side": "sell",
    "time": 1672224761812000000
  },
  {
    "sequence": "1703624298086401",
    "price": "4.3442",
    "size": "30.2847",
    "side": "sell",
    "time": 1672224774796000000
  },
  {
    "sequence": "1703632650518529",
    "price": "4.3454",
    "size": "0.0484",
    "side": "buy",
    "time": 1672224836002000000
  },
  {
    "sequence": "1703637096218625",
    "price": "4.34720000",
    "size": "21.904600000000000000",
    "side": "buy",
    "time": 1672224867865000000
  },
  {
    "sequence": "1703639405051905",
    "price": "4.34590000",
    "size": "88.4300",
    "side": "sell",
    "time": 1672224886484000000
  },
  {
    "sequence": "1703642890256385",
    "price": "4.34500000",
    "size": "87.57390000",
    "side": "sell",
    "time": 1672224913754000000
  },
  {
    "sequence": "1703642890256388",
    "price": "4.34500000",
    "size": "83.98610000",
    "side": "sell",
    "time": 1672224913754000000
  },
  {
    "sequence": "1703649726447617",
    "price": "4.34410000",
    "size": "0.0719",
    "side": "buy",
    "time": 1672224966251000000
  },
  {
    "sequence": "1703652351950849",
    "price": "4.34340000",
    "size": "0.6453",
    "side": "sell",
    "time": 1672224985516000000
  },
  {
    "sequence": "1703659607179265",
    "price": "4.3432",
    "size": "0.0363",
    "side": "buy",
    "time": 1672225039228000000
  },
  {
    "sequence": "1703660218368001",
    "price": "4.34190000",
    "size": "7.85",
    "side": "sell",
    "time": 1672225044257000000
  },
  {
    "sequence": "1703664730521609",
    "price": "4.34300000",
    "size": "0.0951",
    "side": "buy",
    "time": 1672225081407000000
  },
  {
    "sequence": "1703673544458241",
    "price": "4.34290000",
    "size": "1.3687",
    "side": "buy",
    "time": 1672225146727000000
  },
  {
    "sequence": "1703677474521089",
    "price": "4.34300000",
    "size": "40.059900000000000000",
    "side": "buy",
    "time": 1672225179588000000
  },
  {
    "sequence": "1703681640513537",
    "price": "4.34250000",
    "size": "55.9061",
    "side": "sell",
    "time": 1672225212573000000
  },
  {
    "sequence": "1703686886539265",
    "price": "4.3433",
    "size": "0.044",
    "side": "sell",
    "time": 1672225253685000000
  },
  {
    "sequence": "1703687475314689",
    "price": "4.34360000",
    "size": "0.0255",
    "side": "sell",
    "time": 1672225258041000000
  },
  {
    "sequence": "1703691851808769",
    "price": "4.34430000",
    "size": "0.1522",
    "side": "buy",
    "time": 1672225292546000000
  },
  {
    "sequence": "1703696747216897",
    "price": "4.34320000",
    "size": "10.5947",
    "side": "sell",
    "time": 1672225332318000000
  },
  {
    "sequence": "1703708328738817",
    "price": "4.34390000",
    "size": "87.63250000",
    "side": "buy",
    "time": 1672225430447000000
  },
  {
    "sequence": "1703708328738820",
    "price": "4.344",
    "size": "0.1038",
    "side": "buy",
    "time": 1672225430447000000
  },
  {
    "sequence": "1703708328738823",
    "price": "4.34410000",
    "size": "131.84200000",
    "side": "buy",
    "time": 1672225430447000000
  },
  {
    "sequence": "1703711947505665",
    "price": "4.34640000",
    "size": "10.9",
    "side": "buy",
    "time": 1672225457981000000
  },
  {
    "sequence": "1703714822045697",
    "price": "4.34660000",
    "size": "26.8900",
    "side": "buy",
    "time": 1672225479325000000
  },
  {
    "sequence": "1703719088046081",
    "price": "4.34900000",
    "size": "0.045900000000000000",
    "side": "buy",
    "time": 1672225507630000000
  },
  {
    "sequence": "1703725919125505",
    "price": "4.3490",
    "size": "0.4147",
    "side": "buy",
    "time": 1672225565765000000
  },
  {
    "sequence": "1703735071621121",
    "price": "4.35240000",
    "size": "0.0994",
    "side": "sell",
    "time": 1672225647556000000
  },
  {
    "sequence": "1703736460066817",
    "price": "4.35070000",
    "size": "13.7872",
    "side": "sell",
    "time": 1672225657844000000
  },
  {
    "sequence": "1703739282309121",
    "price": "4.3485",
    "size": "0.5140",
    "side": "buy",
    "time": 1672225676730000000
  },
  {
    "sequence": "1703741862985729",
    "price": "4.35150000",
    "size": "0.114900000000000000",
    "side": "buy",
    "time": 1672225695820000000
  },
  {
    "sequence": "1703742323834881",
    "price": "4.35150000",
    "size": "14.7093",
    "side": "buy",
    "time": 1672225699228000000
  },
  {
    "sequence": "1703742379802625",
    "price": "4.35150000",
    "size": "7.3542",
    "side": "buy",
    "time": 1672225699602000000
  },
  {
    "sequence": "1703749542756353",
    "price": "4.35030000",
    "size": "0.247",
    "side": "sell",
    "time": 1672225762321000000
  },
  {
    "sequence": "1703749888131073",
    "price": "4.35030000",
    "size": "3.1875",
    "side": "sell",
    "time": 1672225765890000000
  }
]
