[
  {
    "sequence": "1704329405546500",
    "price": "4.34570000",
    "size": "88.4000",
    "side": "sell",
    "time": 1672229977937000000
  },
  {
    "sequence": "1704339655507969",
    "price": "4.34550000",
    "size": "92.2502",
    "side": "sell",
    "time": 1672230049733000000
  },
  {
    "sequence": "1704342491250689",
    "price": "4.34540000",
    "size": "0.0776",
    "side": "buy",
    "time": 1672230071706000000
  },
  {
    "sequence": "1704360213495809",
    "price": "4.348",
    "size": "225.6499",
    "side": "buy",
    "time": 1672230207204000000
  },
  {
    "sequence": "1704363042291713",
    "price": "4.34940000",
    "size": "66.375800000000000000",
    "side": "buy",
    "time": 1672230222466000000
  },
  {
    "sequence": "1704363230904321",
    "price": "4.34940000",
    "size": "0.0880",
    "side": "buy",
    "time": 1672230223928000000
  },
  {
    "sequence": "1704365370785793",
    "price": "4.34940000",
    "size": "86.82420000",
    "side": "sell",
    "time": 1672230238828000000
  },
  {
    "sequence": "1704365370785796",
    "price": "4.3493",
    "size": "225.64990000",
    "side": "sell",
    "time": 1672230238828000000
  },
  {
    "sequence": "1704365514833921",
    "price": "4.34950000",
    "size": "0.1489",
    "side": "buy",
    "time": 1672230239920000000
  },
  {
    "sequence": "1704373434597381",
    "price": "4.3481",
    "size": "0.0989",
    "side": "sell",
    "time": 1672230298728000000
  },
  {
    "sequence": "1704373434859521",
    "price": "4.3480",
    "size": "0.0639",
    "side": "sell",
    "time": 1672230298730000000
  },
  {
    "sequence": "1704376442437633",
    "price": "4.34730000",
    "size": "52.57710000",
    "side": "buy",
    "time": 1672230320935000000
  },
  {
    "sequence": "1704376442437636",
    "price": "4.34730000",
    "size": "89.84060000",
    "side": "buy",
    "time": 1672230320935000000
  },
  {
    "sequence": "1704376442437639",
    "price": "4.34730000",
    "size": "98.23230000",
    "side": "buy",
    "time": 1672230320935000000
  },
  {
    "sequence": "1704379399553025",
    "price": "4.34660000",
    "size": "95.02060000",
    "side": "sell",
    "time": 1672230342094000000
  },
  {
    "sequence": "1704381746397185",
    "price": "4.34660000",
    "size": "0.0496",
    "side": "buy",
    "time": 1672230357648000000
  },
  {
    "sequence": "1704384010797057",
    "price": "4.3456",
    "size": "0.2346",
    "side": "sell",
    "time": 1672230374644000000
  },
  {
    "sequence": "1704391114113025",
    "price": "4.34560000",
    "size": "0.1762",
    "side": "sell",
    "time": 1672230425067000000
  },
  {
    "sequence": "1704395157815297",
    "price": "4.34440000",
    "size": "0.0279",
    "side": "buy",
    "time": 1672230452597000000
  },
  {
    "sequence": "1704395889852417",
    "price": "4.34440000",
    "size": "0.76",
    "side": "buy",
    "time": 1672230458431000000
  },
  {
    "sequence": "1704396300369921",
    "price": "4.34430000",
    "size": "0.0269",
    "side": "buy",
    "time": 1672230461321000000
  },
  {
    "sequence": "1704403766624257",
    "price": "4.34350000",
    "size": "5.07590000",
    "side": "buy",
    "time": 1672230516533000000
  },
  {
    "sequence": "1704403766624260",
    "price": "4.34350000",
    "size": "7.92410000",
    "side": "buy",
    "time": 1672230516533000000
  },
  {
    "sequence": "1704414088282113",
    "price": "4.34570000",
    "size": "33.183000000000000000",
    "side": "buy",
    "time": 1672230586611000000
  },
  {
    "sequence": "1704416787841025",
    "price": "4.34580000",
    "size": "34",
    "side": "buy",
    "time": 1672230603908000000
  },
  {
    "sequence": "1704417123778561",
    "price": "4.34580000",
    "size": "33.115900000000000000",
    "side": "buy",
    "time": 1672230606189000000
  },
  {
    "sequence": "1704421488214017",
    "price": "4.34550000",
    "size": "7",
    "side": "buy",
    "time": 1672230635795000000
  },
  {
    "sequence": "1704421651398661",
    "price": "4.34550000",
    "size": "0.0666",
    "side": "buy",
    "time": 1672230637230000000
  },
  {
    "sequence": "1704421950242817",
    "price": "4.34520000",
    "size": "10.0000",
    "side": "sell",
    "time": 1672230639511000000
  },
  {
    "sequence": "1704421980389377",
    "price": "4.34520000",
    "size": "81.83250000",
    "side": "sell",
    "time": 1672230639795000000
  },
  {
    "sequence": "1704421980389380",
    "price": "4.3451",
    "size": "0.02750000",
    "side": "sell",
    "time": 1672230639795000000
  },
  {
    "sequence": "1704422865125377",
    "price": "4.3451",
    "size": "0.00440000",
    "side": "sell",
    "time": 1672230646661000000
  },
  {
    "sequence": "1704422865125380",
    "price": "4.3451",
    "size": "0.0305",
    "side": "sell",
    "time": 1672230646661000000
  },
  {
    "sequence": "1704422865125383",
    "price": "4.34510000",
    "size": "63.73510000",
    "side": "sell",
    "time": 1672230646661000000
  },
  {
    "sequence": "1704425127034881",
    "price": "4.34170000",
    "size": "89.58520000",
    "side": "sell",
    "time": 1672230662914000000
  },
  {
    "sequence": "1704425127034884",
    "price": "4.34170000",
    "size": "5.56030000",
    "side": "sell",
    "time": 1672230662914000000
  },
  {
    "sequence": "1704425271214081",
    "price": "4.34220000",
    "size": "0.1889",
    "side": "buy",
    "time": 1672230663678000000
  },
  {
    "sequence": "1704438138552321",
    "price": "4.34190000",
    "size": "89.9825",
    "side": "sell",
    "time": 1672230752117000000
  },
  {
    "sequence": "1704438747250689",
    "price": "4.34170000",
    "size": "9",
    "side": "buy",
    "time": 1672230754353000000
  },
  {
    "sequence": "1704441539870721",
    "price": "4.3409",
    "size": "0.0669",
    "side": "sell",
    "time": 1672230772818000000
  },
  {
    "sequence": "1704441564512257",
    "price": "4.3408",
    "size": "0.0669",
    "side": "sell",
    "time": 1672230772864000000
  },
  {
    "sequence": "1704441907658755",
    "price": "4.34100000",
    "size": "56.8092",
    "side": "sell",
    "time": 1672230774105000000
  },
  {
    "sequence": "1704442035847169",
    "price": "4.34060000",
    "size": "8.1074",
    "side": "sell",
    "time": 1672230774278000000
  },
  {
    "sequence": "1704442590674945",
    "price": "4.34190000",
    "size": "11.9770",
    "side": "buy",
    "time": 1672230775859000000
  },
  {
    "sequence": "1704463237267457",
    "price": "4.3417",
    "size": "0.0598",
    "side": "sell",
    "time": 1672230918426000000
  },
  {
    "sequence": "1704463306211329",
    "price": "4.3409",
    "size": "234.95010000",
    "side": "sell",
    "time": 1672230918664000000
  },
  {
    "sequence": "1704463480143873",
    "price": "4.3412",
    "size": "15.790200000000000000",
    "side": "buy",
    "time": 1672230919216000000
  },
  {
    "sequence": "1704463969042433",
    "price": "4.34080000",
    "size": "0.0562",
    "side": "buy",
    "time": 1672230922519000000
  },
  {
    "sequence": "1704464842244097",
    "price": "4.33970000",
    "size": "3.4451",
    "side": "sell",
    "time": 1672230929055000000
  },
  {
    "sequence": "1704466396758017",
    "price": "4.34060000",
    "size": "0.0453",
    "side": "buy",
    "time": 1672230940273000000
  },
  {
    "sequence": "1704468502691841",
    "price": "4.34040000",
    "size": "0.0673",
    "side": "buy",
    "time": 1672230954265000000
  },
  {
    "sequence": "1704469935964161",
    "price": "4.34040000",
    "size": "0.7218",
    "side": "buy",
    "time": 1672230963706000000
  },
  {
    "sequence": "1704470080143361",
    "price": "4.34050000",
    "size": "0.1462",
    "side": "buy",
    "time": 1672230964644000000
  },
  {
    "sequence": "1704475064680449",
    "price": "4.34060000",
    "size": "97.40190000",
    "side": "sell",
    "time": 1672230998209000000
  },
  {
    "sequence": "1704475064680452",
    "price": "4.34060000",
    "size": "2.07370000",
    "side": "sell",
    "time": 1672230998209000000
  },
  {
    "sequence": "1704475064680455",
    "price": "4.3405",
    "size": "50",
    "side": "sell",
    "time": 1672230998209000000
  },
  {
    "sequence": "1704475064680458",
    "price": "4.34030000",
    "size": "100.52440000",
    "side": "sell",
    "time": 1672230998209000000
  },
  {
    "sequence": "1704475609153537",
    "price": "4.34120000",
    "size": "0.0309",
    "side": "buy",
    "time": 1672231002121000000
  },
  {
    "sequence": "1704486097928193",
    "price": "4.34450000",
    "size": "6.4468",
    "side": "buy",
    "time": 1672231077925000000
  },
  {
    "sequence": "1704487484801025",
    "price": "4.3441",
    "size": "25.45",
    "side": "sell",
    "time": 1672231084111000000
  },
  {
    "sequence": "1704497006657537",
    "price": "4.3439",
    "size": "0.0234",
    "side": "sell",
    "time": 1672231148826000000
  },
  {
    "sequence": "1704502613655553",
    "price": "4.34340000",
    "size": "0.0619",
    "side": "buy",
    "time": 1672231186115000000
  },
  {
    "sequence": "1704510998200321",
    "price": "4.34360000",
    "size": "96.09130000",
    "side": "buy",
    "time": 1672231244091000000
  },
  {
    "sequence": "1704510998200324",
    "price": "4.34370000",
    "size": "81.90970000",
    "side": "buy",
    "time": 1672231244091000000
  },
  {
    "sequence": "1704510998200327",
    "price": "4.34380000",
    "size": "93.67230000",
    "side": "buy",
    "time": 1672231244091000000
  },
  {
    "sequence": "1704510998200330",
    "price": "4.3446",
    "size": "225.6499",
    "side": "buy",
    "time": 1672231244091000000
  },
  {
    "sequence": "1704510998200333",
    "price": "4.3447",
    "size": "225.6499",
    "side": "buy",
    "time": 1672231244091000000
  },
  {
    "sequence": "1704510998200336",
    "price": "4.3454",
    "size": "240.3379",
    "side": "buy",
    "time": 1672231244091000000
  },
  {
    "sequence": "1704510998200339",
    "price": "4.3455",
    "size": "480.4909",
    "side": "buy",
    "time": 1672231244091000000
  },
  {
    "sequence": "1704511002132481",
    "price": "4.346",
    "size": "14.7238",
    "side": "sell",
    "time": 1672231244113000000
  },
  {
    "sequence": "1704511006982145",
    "price": "4.346",
    "size": "1029.16140000",
    "side": "sell",
    "time": 1672231244127000000
  },
  {
    "sequence": "1704512494649345",
    "price": "4.34330000",
    "size": "125.19310000",
    "side": "sell",
    "time": 1672231254230000000
  },
  {
    "sequence": "1704512494649348",
    "price": "4.3433",
    "size": "51.19",
    "side": "sell",
    "time": 1672231254230000000
  },
  {
    "sequence": "1704512494649351",
    "price": "4.34320000",
    "size": "67.78250000",
    "side": "sell",
    "time": 1672231254230000000
  },
  {
    "sequence": "1704514266218497",
    "price": "4.34320000",
    "size": "17.15540000",
    "side": "sell",
    "time": 1672231266631000000
  },
  {
    "sequence": "1704514269102081",
    "price": "4.3430",
    "size": "0.0519",
    "side": "sell",
    "time": 1672231266653000000
  },
  {
    "sequence": "1704514269102084",
    "price": "4.34300000",
    "size": "0.4140",
    "side": "sell",
    "time": 1672231266653000000
  },
  {
    "sequence": "1704517737529345",
    "price": "4.34280000",
    "size": "74.9968",
    "side": "sell",
    "time": 1672231292527000000
  },
  {
    "sequence": "1704538701316097",
    "price": "4.3426",
    "size": "11.759100000000000000",
    "side": "buy",
    "time": 1672231452243000000
  },
  {
    "sequence": "1704539430600705",
    "price": "4.34250000",
    "size": "0.0969",
    "side": "sell",
    "time": 1672231457385000000
  },
  {
    "sequence": "1704542711726083",
    "price": "4.34250000",
    "size": "0.0317",
    "side": "sell",
    "time": 1672231482115000000
  },
  {
    "sequence": "1704544014974977",
    "price": "4.3426",
    "size": "8.66",
    "side": "buy",
    "time": 1672231492448000000
  },
  {
    "sequence": "1704545724809217",
    "price": "4.3426",
    "size": "2.794300000000000000",
    "side": "buy",
    "time": 1672231504356000000
  },
  {
    "sequence": "1704549909151745",
    "price": "4.3426",
    "size": "0.0336",
    "side": "buy",
    "time": 1672231535034000000
  },
  {
    "sequence": "1704553260400649",
    "price": "4.3426",
    "size": "1.999000000000000000",
    "side": "buy",
    "time": 1672231561344000000
  },
  {
    "sequence": "1704556984418311",
    "price": "4.34220000",
    "size": "0.190800000000000000",
    "side": "buy",
    "time": 1672231589085000000
  },
  {
    "sequence": "1704557402669057",
    "price": "4.34220000",
    "size": "0.990400000000000000",
    "side": "buy",
    "time": 1672231592024000000
  },
  {
    "sequence": "1704557549076481",
    "price": "4.3425",
    "size": "53.08170000",
    "side": "buy",
    "time": 1672231593145000000
  },
  {
    "sequence": "1704557563101185",
    "price": "4.3426",
    "size": "10.1332",
    "side": "buy",
    "time": 1672231593198000000
  },
  {
    "sequence": "1704571906441217",
    "price": "4.3425",
    "size": "2.988100000000000000",
    "side": "buy",
    "time": 1672231689794000000
  },
  {
    "sequence": "1704578806202369",
    "price": "4.3427",
    "size": "71.6277",
    "side": "buy",
    "time": 1672231740227000000
  },
  {
    "sequence": "1704578806202372",
    "price": "4.3428",
    "size": "71.6277",
    "side": "buy",
    "time": 1672231740227000000
  },
  {
    "sequence": "1704578806202375",
    "price": "4.3428",
    "size": "35.8138",
    "side": "buy",
    "time": 1672231740227000000
  },
  {
    "sequence": "1704578806202378",
    "price": "4.34280000",
    "size": "61.2912",
    "side": "buy",
    "time": 1672231740227000000
  },
  {
    "sequence": "1704583235256321",
    "price": "4.34200000",
    "size": "31.832700000000000000",
    "side": "buy",
    "time": 1672231772234000000
  },
  {
    "sequence": "1704584245821441",
    "price": "4.34140000",
    "size": "0.0887",
    "side": "sell",
    "time": 1672231779767000000
  },
  {
    "sequence": "1704587951620097",
    "price": "4.3409",
    "size": "13.8208",
    "side": "sell",
    "time": 1672231805335000000
  },
  {
    "sequence": "1704587964465153",
    "price": "4.3409",
    "size": "130.42180000",
    "side": "sell",
    "time": 1672231805366000000
  },
  {
    "sequence": "1704588039569409",
    "price": "4.3412",
    "size": "0.0295",
    "side": "buy",
    "time": 1672231805609000000
  },
  {
    "sequence": "1704595744505857",
    "price": "4.34200000",
    "size": "0.255800000000000000",
    "side": "buy",
    "time": 1672231860377000000
  }
]
